% -----------------------------------------------------------------------
% File: CogSci_Template.bib
% -----------------------------------------------------------------------

% Modified : Eli M. Silk (esilk at pitt.edu)            05/24/2005
% Modified : David Noelle (dnoelle at ucmerced.edu)     11/19/2014


@InProceedings{ChalnickBillman1988a,
  author =	 {A. Chalnick and D. Billman},
  title =	 {Unsupervised learning of correlational structure},
  booktitle =	 {Proceedings of the Tenth Annual Conference of the
                  Cognitive Science Society},
  pages =	 {510--516},
  year =	 1988,
  address =	 {Hillsdale, NJ},
  publisher =	 {Lawrence Erlbaum Associates}
}

@InCollection{Feigenbaum1963a,
  author =	 {E. A. Feigenbaum},
  title =	 {The simulation of verbal learning behavior},
  booktitle =	 {Computers and thought},
  publisher =	 {McGraw-Hill},
  year =	 1963,
  editor =	 {E. A. Feigenbaum and J. Feldman},
  address =	 {New York}
}

@Article{Hill1983a,
  author =	 {J. A. C. Hill},
  title =	 {A computational model of language acquisition in the
                  two-year old},
  journal =	 {Cognition and Brain Theory},
  year =	 1983,
  volume =	 6,
  pages =	 {287--317}
}

@TechReport{OhlssonLangley1985a,
  author =	 {S. Ohlsson and P. Langley},
  title =	 {Identifying solution paths in cognitive diagnosis},
  institution =	 {Carnegie Mellon University, The Robotics Institute},
  year =	 1985,
  address =	 {Pittsburgh, PA},
  number =	 {CMU-RI-TR-85-2}
}

@PhdThesis{Matlock2001,
  author =	 {Teenie Matlock},
  title =	 {How real is fictive motion?},
  school =	 {Psychology Department, University of California,
                  Santa Cruz},
  year =	 2001,
  type =	 {Doctoral dissertation}
}

@PhdThesis{Lewis1978a,
  author =	 {C. Lewis},
  title =	 {Production system models of practice effects},
  school =	 {Department of Psychology, University of Michigan,
                  Ann Arbor},
  year =	 1978,
  type =	 {Doctoral dissertation}
}

@Book{NewellSimon1972a,
  author =	 {A. Newell and H. A. Simon},
  title =	 {Human problem solving},
  publisher =	 {Prentice-Hall},
  year =	 1972,
  address =	 {Englewood Cliffs, NJ}
}

@Book{ShragerLangley1990a,
  editor =	 {J. Shrager and P. Langley},
  title =	 {Computational models of scientific discovery and
                  theory formation},
  publisher =	 {Morgan Kaufmann},
  year =	 1990,
  address =	 {San Mateo, CA}
}

@techreport{baluja1994non,
  title={Non-intrusive gaze tracking using artificial neural networks},
  author={Baluja, Shumeet and Pomerleau, Dean},
  year={1994},
  institution={DTIC Document}
}


@article{huang2015tabletgaze,
  title={TabletGaze: A Dataset and Baseline Algorithms for Unconstrained Appearance-based Gaze Estimation in Mobile Tablets},
  author={Huang, Qiong and Veeraraghavan, Ashok and Sabharwal, Ashutosh},
  journal={arXiv preprint arXiv:1508.01244},
  year={2015}
}

@inproceedings{glorot2011deep,
  title={Deep sparse rectifier neural networks},
  author={Glorot, Xavier and Bordes, Antoine and Bengio, Yoshua},
  booktitle={International Conference on Artificial Intelligence and Statistics},
  pages={315--323},
  year={2011}
}

@inproceedings{zhang15cvpr,
 Author = {Xucong Zhang and Yusuke Sugano and Mario Fritz and Bulling, Andreas},
 Title = {Appearance-based Gaze Estimation in the Wild},
 Booktitle = {Proc. of the IEEE International Conference on Computer Vision and Pattern Recognition (CVPR)},
 Year = {2015}, Month = {June}
 Pages = {4511-4520}
 }

@inproceedings{wood2015iccv, title = {Rendering of Eyes for Eye-Shape Registration and Gaze Estimation}, author = {Erroll Wood and Tadas Baltrusaitis and Xucong Zhang and Yusuke Sugano and Peter Robinson and Andreas Bulling}, year = {2015}, date = {2015-12-12}, booktitle = {Proc. of the IEEE International Conference on Computer Vision (ICCV 2015)} }


@phdthesis{huang2015tabletgaze,
  title={TabletGaze: Dataset and Algorithm for Unconstrained Appearance-based Gaze Estimation in Mobile Tablets},
  author={Huang, Qiong},
  year={2015},
  school={RICE UNIVERSITY}
}

@article{srivastava2014dropout,
  title={Dropout: A simple way to prevent neural networks from overfitting},
  author={Srivastava, Nitish and Hinton, Geoffrey and Krizhevsky, Alex and Sutskever, Ilya and Salakhutdinov, Ruslan},
  journal={The Journal of Machine Learning Research},
  volume={15},
  number={1},
  pages={1929--1958},
  year={2014},
  publisher={JMLR. org}
}

@article{hopstaken2016,
  title={Shifts in Attention During Mental Fatigue: Evidence From Subjective, Behavioral, Physiological, and Eye-Tracking Data.},
  author={Hopstaken, JF and van der Linden, D and Bakker, AB and Kompier, MA and Leung, YK},
  journal={Journal of experimental psychology. Human perception and performance},
  year={2016}
}

@incollection{ghosh2015real,
  title={Real Time Eye Detection and Tracking Method for Driver Assistance System},
  author={Ghosh, Sayani and Nandy, Tanaya and Manna, Nilotpal},
  booktitle={Advancements of Medical Electronics},
  pages={13--25},
  year={2015},
  publisher={Springer}
}

@inproceedings{zhang2015classification,
  title={A classification method between novice and experienced drivers using eye tracking data and Gaussian process classifier},
  author={Zhang, Zujie and Kubo, Takatomi and Watanabe, Jin and Shibata, Tomohiro and Ikeda, Kazushi and Bando, Takashi and Hitomi, Kentarou and Egawa, Masumi},
  booktitle={Society of Instrument and Control Engineers of Japan (SICE), 2015 54th Annual Conference of the},
  pages={1409--1412},
  year={2015},
  organization={IEEE}
}


@article{zugal2015low,
  title={Low-Cost Eye-Trackers: Useful for Information Systems Research?},
  author={Zugal, Stefan and Pinggera, Jakob},
  journal={arXiv preprint arXiv:1511.04308},
  year={2015}
}



@article{buswell1922,
  title={Fundamental readings habits, a study of their development},
  author={Buswell, G.T.},
  journal={Chicago University Press},
  year={1922},
  pages={1409--1412},
}




% -----------------------------------------------------------------------
% Document End
% -----------------------------------------------------------------------
